@misc
{fn,
    title = {Forme normale},
    author = {Wikipédia},
    month = {Avril},
    year = {2021},
    note = {\url{https://fr.wikipedia.org/wiki/Forme_normale_(bases_de_donn%C3%A9es_relationnelles)}},
}

@misc
{oltp,
    title = {Traitement transactionnel en ligne},
    author = {Wikipédia},
    month = {Avril},
    year = {2021},
    note = {\url{https://fr.wikipedia.org/wiki/Traitement_transactionnel_en_ligne}},
}

@misc
{cp,
    title = {Identifiants des communes : Codes INSEE et codes postaux},
    author = {Bernard Henri Nicot},
    month = {Avril},
    year = {2021},
    note = {\url{http://www.sirius-upvm.net/doc/usuels/codes_postaux.html}},
}

@misc
{pd,
    title = {Pandas documentation},
    author = {The pandas development team},
    month = {Avril},
    year = {2021},
    note = {\url{https://pandas.pydata.org/docs/reference/api/pandas.DataFrame.to_sql.html}},
}

@misc
{excel,
    title = {Working with Excel Files in Python},
    author = {Clark Consulting & Research},
    month = {Avril},
    year = {2021},
    note = {\url{http://www.python-excel.org/}},
}

@misc
{xl,
    title = {Openpyxl - A Python library to read/write Excel 2010 xlsx/xlsm files},
    author = {Eric Gazoni & Charlie Clark},
    month = {Avril},
    year = {2021},
    note = {\url{https://openpyxl.readthedocs.io/en/stable/}},
}

@misc
{csv,
    title = {CSV File Reading and Writing},
    author = {The Python Software Foundation},
    month = {Avril},
    year = {2021},
    note = {\url{https://docs.python.org/3/library/csv.html}},
}

@misc
{sqlite,
    title = {SQLite},
    author = {The SQLite Consortium},
    month = {Avril},
    year = {2021},
    note = {\url{https://www.sqlite.org/index.html}},
}
